@techreport{Archibald84,
          Author = {B. C. Archibald},
          Title  = {Invertible region of {H}olt-{W}inters' model},
          Year   = "1984",
          Institution = {School of Business Administration, Dalhousie University, Halifax, NS. Canada},
          Type = {Working paper},
          Number = "31/1984"
}

@techreport{Archibald91,
          Author = {B. C. Archibald},
          Title  = {Invertible region of damped trend, seasonal, exponential smoothing model},
          Year   = "1991",
          Institution = {School of Business Administration, Dalhousie University, Halifax, NS. Canada},
          Type = {Working paper},
          Number = "10/1991"
}

@techreport{Archibald94,
          Author = {B. C. Archibald},
          Title  = {Winters models: three versions, diagonostic checks and forecast performances},
          Year   = "1994",
          Institution = {School of Business Administration, Dalhousie University, Halifax, NS. Canada},
          Type = {Working paper},
          Number = "4/1994"
}

@techreport{Gardner84,
          Author = {E. S. Gardner},
          Title  = {Forecast control with parabolic masks},
          Year   = "1984",
          Institution = {Navy Fleet Material Support Office, Mechanicsburg, USA},
          Type = {Working paper},
          Number = "1984"
}

@techreport{HK05,
          Author = {R. J. Hyndman and A. B. Koehler},
          Title  = {Another look at measures of forecast accuracy},
          Year   = "2005",
          Institution = {Department of Econometrics and Business Statistics, Monash University},
          Type = {Working paper}
}

@techreport{Holt57,
          Author = {C. E. Holt},
          Title  = {Forecasting trends and seasonals by exponentially weighted averages},
          Year   = "1957",
          Institution = {Carnegie Institute of Technology},
          Type = {O.N.R. Memorandum},
          Number = "52/1957"
}

@techreport{Lawton1,
          Author = {R. Lawton},
          Title  = {The use of unstable parameter values in exponential smoothing},
          Year   = "2000",
          Institution = {Faculty of Computer studies and Mathematics, University of the West England, Bristol},
          Type = {Working paper}
}

@techreport{Lawton2,
          Author = {R. Lawton},
          Title  = {Parameter estimation in exponential smoothing},
          Year   = "2001",
          Institution = {Faculty of Computer studies and Mathematics, University of the West England, Bristol},
          Type = {Working paper}
}

@techreport{Mabert75,
          Author = {V. A. Mabert},
          Title  = {Statistical versus sales force-executive opinion short-range forecasts:
                    a time series analysis case study},
          Year   = "1975",
          Institution = {Krannert Graduate School, Purdue University},
          Type = {Case study}
}

@techreport{OK90,
          Author = {J. K. Ord and A. B. Koehler},
          Title  = {A structural model for the multiplicative {H}olt-{W}inters method},
          Year   = "1990",
          Institution = {Decision Sciences Institute},
          Type = {Proceedings}
}

@techreport{Reid69,
          Author = {D. J. Reid},
          Title  = {A comparative study of time series prediciton techniques on economic data},
          Year   = "1969",
          Institution = {University of Nottinggham},
          Type = {Ph{D} thesis}
}

@techreport{Snyder04,
          Author = {R. D. Snyder},
          Title  = {A pedant's approach to exponential smoothing},
          Year   = "2004",
          Institution = {Deparment of Econometrics and Business Statistics, Monash University},
          Type = {Working Paper}
}

@techreport{Sweet83a,
          Author = {A. L. Sweet},
          Title  = {Computing the variance of the forecast error for the additive seasonal model},
          Year   = "1983a",
          Institution = {School of Industrial Engineering, Purdue University, West Lafayette, USA},
          Type = {Research Memorandom},
          Number = "83--5"
}

@techreport{Sweet83b,
          Author = {A. L. Sweet},
          Title  = {Computing the variance of the forecast error for the multiplicative {(HW)} seasonal model},
          Year   = "1983b",
          Institution = {School of Industrial Engineering, Purdue University, West Lafayette, USA},
          Type = {Research Memorandom},
          Number = "83--7"
}

@unpublished{Reid77,
          Author = {D. J. Reid},
          Title  = {A survey of statistical forecasting techniques with empirical comparison},
          Year   = "1977",
          Note = {Paper presented at the IEEE Symposium on Statistical Model Building for Prediction and Control}
}

@article{AC92,
          Author = {J. S. Armstrong and F. Collopy},
          Title  = {Error measures for generalizing about forecasting methods: empirical comparison},
          Journal = {International Journal of Forecasting},
          Volume = "08",
          Number = "",
          Pages  = "69--80",
          Year   = "1992"
}

@article{AE76,
          Author = {E. E. Adam and R. J. Ebert},
          Title  = {A comparison of human and statistical forecasting},
          Journal = {AIITE Transactions},
          Volume = "8",
          Number = "",
          Pages  = "120--127",
          Year   = "1976"
}

@article{AF92,
          Author = {J. S. Armstrong and R. Fildes},
          Title  = {On the selection of error measures for comparisons among forecasting methods},
          Journal = {Journal of Froecasting},
          Volume = "14",
          Number = "",
          Pages  = "67--71",
          Year   = "1995"
}

@article{AK86,
          Author = {C. F. Ansley and R. Kohn},
          Title  = {Prediction mean square error for state space models with estimated parameter},
          Journal = {Biometrika},
          Volume = "73",
          Number = "",
          Pages  = "467--473",
          Year   = "1986"
}

@article{AL86,
          Author = {B. Abraham and J. Ledolter},
          Title  = {Forecast functions implied by {A}utoregressive {I}ntegrated {M}oving {A}verage
                    models and other related forecast procedures},
          Journal = {International Statistical Review},
          Volume = "54",
          Number = "",
          Pages  = "51--66",
          Year   = "1986"
}

@article{Archibald90,
          Author = {B. C. Archibald},
          Title  = {Parameter space of the {H}olt-{W}inters' model},
          Journal = {International Journal of Forecasting},
          Volume = "6",
          Number = "",
          Pages  = "199--229",
          Year   = "1990"
}

@article{BDF68,
          Author = {J. L. Brenner and D. A. D'Esopo and A. G. Fowler},
          Title  = {Difference equations in forecasting formulas},
          Journal = {Management Science},
          Volume = "15",
          Number = "",
          Pages  = "141--159",
          Year   = "1968"
}

@article{BS89,
          Author = {S. M. Bartolomei and A. L. Sweet},
          Title  = {A note on a comparison of exponential smoothing methods for forecasting
                    seasonal series},
          Journal = {International Journal of Forecasting},
          Volume = "5",
          Number = "",
          Pages  = "111--116",
          Year   = "1989"
}

@article{CA92,
          Author = {F. Collopy and J. S. Armstrong},
          Title  = {Rule based forecasting},
          Journal = {Management Science},
          Volume = "38",
          Number = "",
          Pages  = "1394--1414",
          Year   = "1992"
}

@article{CA00,
          Author = {F. Collopy and J. S. Armstrong},
          Title  = {Another error measure for selection of the best forecasting methods:
                    the unbiased absolute percentage error},
          Journal = {},
          Volume = "Published only on the Internet: cite as",
          Number = "",
          Pages  = "http://hops.wharton.upenn.edu/forecast/paperpdf/armstrong-unbiasedAPE.pdf",
          Year   = "2000"
}

@article{Chatfield77,
          Author = {C. Chatfield},
          Title  = {Some recent development in time series analysis},
          Journal = {Journal of the Royal Statistical Society (A)},
          Volume = "140",
          Number = "",
          Pages  = "492--510",
          Year   = "1977"
}

@article{Chatfield78,
          Author = {C. Chatfield},
          Title  = {The {H}olt-{W}inters forecasting procedures},
          Journal = {Applied Statistics},
          Volume = "27",
          Number = "",
          Pages  = "264--279",
          Year   = "1978"
}

@article{Chatfield93,
          Author = {C. Chatfield},
          Title  = {Calculating interval forecasts},
          Journal = {Journal of Business and Economic Statistics},
          Volume = "11",
          Number = "",
          Pages  = "121--135",
          Year   = "1993"
}

@article{Chen96,
          Author = {C. Chen},
          Title  = {Some statistical properties of the {H}olt-{W}inter seasonal forecasting method},
          Journal = {Journal of Japan Statistical Society},
          Volume = "26",
          Number = "",
          Pages  = "173--187",
          Year   = "1996"
}

@article{Chen97,
          Author = {C. Chen},
          Title  = {Robustness properties of some forecasting methods for seasonal time series:
                    a {M}onte {C}arlo study},
          Journal = {International Journal of Forecasting},
          Volume = "13",
          Number = "",
          Pages  = "269--280",
          Year   = "1997"
}

@article{CKOS01,
          Author = {C. Chatfield and A. B. Koehler and J. K. Ord and R. D. Snyder},
          Title  = {A new look at models for exponential smoothing},
          Journal = {The Statistician},
          Volume = "50",
          Number = "",
          Pages  = "147--159",
          Year   = "2001"
}

@article{Clemen89,
          Author = {R. Clemen},
          Title  = {Combining forecasts: a review and annotated bibliography with discussion},
          Journal = {International Journal of Forecasting},
          Volume = "5",
          Number = "",
          Pages  = "559--608",
          Year   = "1989"
}

@article{CY91,
          Author = {C. Chatfield and M. Yar},
          Title  = {Prediction intervals for multiplicative {H}olt-{W}inters},
          Journal = {International Journal of Forecasting},
          Volume = "7",
          Number = "",
          Pages  = "31--37",
          Year   = "1991"
}

@article{CY88,
          Author = {C. Chatfield and M. Yar},
          Title  = {Holt-{W}inters forecasting: some practical issues},
          Journal = {The Statisticians},
          Volume = "37",
          Number = "",
          Pages  = "129--140",
          Year   = "1988"
}

@article{Dalrymple87,
          Author = {D. J. Dalrymple},
          Title  = {Sales forecasting practices: results from a {U}nited {S}tates survey},
          Journal = {International Journal of Forecasting},
          Volume = "3",
          Number = "",
          Pages  = "379--391",
          Year   = "1987"
}

@article{DH72,
          Author = {D. B. Duncan and S. D. Horn},
          Title  = {Linear dynamic recursive estimation from the view point of regression analysis},
          Journal = {Journal of American Statistical Association},
          Volume = "67",
          Number = "",
          Pages  = "815--821",
          Year   = "1972"
}

@article{FHMM98,
          Author = {R. Fildes and M. Hibon and S. Makridakis and N. Meade},
          Title  = {Generalizing about univariate forecasting methods: further empirical evidence},
          Journal = {International Journal of Forecasting},
          Volume = "14",
          Number = "",
          Pages  = "339--358",
          Year   = "1998"
}

@article{FM95,
          Author = {R. Fildes and S. Makridakis},
          Title  = {The impact of empirical accuracy studies on time series analysis and forecasting},
          Journal = {International Statistical Review},
          Volume = "63",
          Number = "",
          Pages  = "289--308",
          Year   = "1995"
}

@article{Fildes92,
          Author = {R. Fildes},
          Title  = {The evaluation of extrapolative forecasting methods (with discussion)},
          Journal = {International Journal of Forecasting},
          Volume = "8",
          Number = "",
          Pages  = "81--111",
          Year   = "1992"
}

@article{Gardner85,
          Author = {E. S. Gardner},
          Title  = {Exponential smoothing: the state of the art},
          Journal = {Journal of Forecasting},
          Volume = "4",
          Number = "",
          Pages  = "1--28",
          Year   = "1985"
}

@article{Gardner88,
          Author = {E. S. Gardner},
          Title  = {A simple method of computing prediciton intervals for time-series forecasts},
          Journal = {Management Science},
          Volume = "34",
          Number = "",
          Pages  = "541--546",
          Year   = "1988"
}

@article{GH75,
          Author = {E. J. Godolphin and P. J. Harrison},
          Title  = {Equivalence theorms for polynomial-projecting predictor},
          Journal = {Journal of Royal Statistical Society (B)},
          Volume = "37",
          Number = "",
          Pages  = "205--215",
          Year   = "1975"
}

@article{GK86,
          Author = {M. D. Geurts and J. P. Kelly},
          Title  = {Forecasting demand for special services},
          Journal = {International Journal of Forecasting},
          Volume = "2",
          Number = "",
          Pages  = "261--272",
          Year   = "1986"
}

@article{GM85,
          Author = {E. S. Gardner and E. McKenzie},
          Title  = {Forecasting trends in time series},
          Journal = {Management Science},
          Volume = "31",
          Number = "",
          Pages  = "1237--1246",
          Year   = "1985"
}

@article{GM88,
          Author = {E. S. Gardner and E. McKenzie},
          Title  = {Model identification in exponential smoothing},
          Journal = {Journal of Operational Research Society},
          Volume = "39",
          Number = "",
          Pages  = "863--867",
          Year   = "1988"
}

@article{GM89,
          Author = {E. S. Gardner and E. McKenzie},
          Title  = {Seasonal exponential smoothing with damped trends},
          Journal = {Management Science},
          Volume = "35",
          Number = "3",
          Pages  = "372--376",
          Year   = "1989"
}

@article{GS80,
          Author = {E. J. Godolphin and J. M. Stone},
          Title  = {On the structural representation of polynomial-projecting predictor
                    models based on the {K}alman filter},
          Journal = {Journal of Royal Statistical Society (B)},
          Volume = "42",
          Number = "",
          Pages  = "35--45",
          Year   = "1980"
}

@article{Harrison65,
          Author = {P. J. Harrison},
          Title  = {Short-term sales forecasting},
          Journal = {Applied Statistics},
          Volume = "14",
          Number = "",
          Pages  = "102--139",
          Year   = "1965"
}

@article{Harrison67,
          Author = {P. J. Harrison},
          Title  = {Exponential smoothing and short-term sales forecasting},
          Journal = {Management Science},
          Volume = "13",
          Number = "",
          Pages  = "821--842",
          Year   = "1967"
}

@article{HKSG02,
          Author = {R. J. Hyndman and A. B. Koehler and R. D. Snyder and S. Grose},
          Title  = {A state space framework for automatic forecasting using
          exponential smoothing methods},
          Journal = {International Journal of Forecasting},
          Volume = "18",
          Number = "3",
          Pages  = "439--454",
          Year   = "2002"
}

@article{HKOS05,
          Author = {R. J. Hyndman and A. B. Koehler and J. K. Ord and R. D. Snyder},
          Title  = {Prediction intervals for exponential smoothing state space models},
          Journal = {Journal of Forecasting},
          Volume = "24",
          Number = "",
          Pages  = "17--37",
          Year   = "2005"
}

@article{Hogarth75,
          Author = {R. M. Hogarth},
          Title  = {Cognitive processes and the assessment of subjective probability distribution},
          Journal = {Journal of the American Statistical Association},
          Volume = "70",
          Number = "",
          Pages  = "271--290",
          Year   = "1975"
}

@article{HS76,
          Author = {P. J. Harrison and C. F. Stevens},
          Title  = {Bayesian {F}orecasting},
          Journal = {Journal of Royal Statistical Society},
          Volume = "38",
          Number = "",
          Pages  = "205--228",
          Year   = "1976"
}

@article{JH86,
          Author = {F. R. Johnston and P. J. Harrison},
          Title  = {The variance of lead-time demand},
          Journal = {Journal of Operational Research Society},
          Volume = "37",
          Number = "",
          Pages  = "303--308",
          Year   = "1986"
}

@article{Kirby66,
          Author = {R. M. Kirby},
          Title  = {A comparison of short and medium range forecasting methods},
          Journal = {Management Science},
          Volume = "13",
          Number = "",
          Pages  = "B202--B210",
          Year   = "1966"
}

@article{KN89,
          Author = {J. P. Korhonen and S. C. Narula},
          Title  = {The probability distribution of the ratio of the absolute values of
                    two normal variables},
          Journal = {Journal of Statistical Computation and Simulation},
          Volume = "33",
          Number = "3",
          Pages  = "173--182",
          Year   = "1989"
}

@article{Koehler90,
          Author = {A. B. Koehler},
          Title  = {An appropriate prediction interval},
          Journal = {International Journal of Forecasting},
          Volume = "6",
          Number = "",
          Pages  = "557--558",
          Year   = "1990"
}

@article{Koehler01,
          Author = {A. B. Koehler},
          Title  = {The asymmetry of the s{APE} measure and other comments on the {M}3-competition},
          Journal = {International Journal of Forecasting},
          Volume = "17",
          Number = "",
          Pages  = "537--584",
          Year   = "2001"
}

@article{KSO01,
          Author = {A. B. Koehler and R. D. Snyder and J. K. Ord},
          Title  = {Forecasting models and prediction intervals for the multiplicative {H}olt-{W}inters' method},
          Journal = {International Journal of Forecasting},
          Volume = "17",
          Number = "",
          Pages  = "269--286",
          Year   = "2001"
}

@article{LEO85,
          Author = {M. T. Lawrence and M. L. King and M. J. O'Connor},
          Title  = {An examination of the accuracy of judgemental extrapolation of time series},
          Journal = {International Journal of Forecasting},
          Volume = "1",
          Number = "",
          Pages  = "14--24",
          Year   = "1985"
}

@article{Lawton98,
          Author = {R. Lawton},
          Title  = {How should additive {H}olt-{W}inters' estimates be corrected?},
          Journal = {International Journal of Forecasting},
          Volume = "14",
          Number = "",
          Pages  = "393--403",
          Year   = "1998"
}

@article{Lewandowski82,
          Author = {R. Lewandowski},
          Title  = {Sales forecasting by {FORSYS}},
          Journal = {Journal of Forecasting},
          Volume = "1",
          Number = "",
          Pages  = "205--214",
          Year   = "1982"
}

@article{Makridakis93,
          Author = {S. Makridakis},
          Title  = {Accuracy measures: theoretical and practical concerns},
          Journal = {International Journal of Forecasting},
          Volume = "9",
          Number = "",
          Pages  = "527--529",
          Year   = "1993"
}

@article{Marsaglia65,
          Author = {G. Marsaglia},
          Title  = {Ratio of normal variables and ratios of sums of uniform variables},
          Journal = {Journal of American Statistical Association},
          Volume = "60",
          Number = "",
          Pages  = "193--204",
          Year   = "1979"
}

@article{MH79,
          Author = {S. Makridakis and M. Hibon},
          Title  = {Accuracy of forecasting: an empirical investigation (with discussion)},
          Journal = {Journal of Royal Statistical Society (A)},
          Volume = "142",
          Number = "",
          Pages  = "97--145",
          Year   = "1979"
}

@article{Metal82,
          Author = {S. Makridakis and A. Anderson and R. Carbone and R. Fildes and M. Hibon and
                     R. Lewandowskiand J. Newton and E. Parzen and R. Winkler},
          Title  = {The accuracy of extrapolation (time series) methods: results of a forecasting competition},
          Journal = {Journal of Forecasting},
          Volume = "1",
          Number = "",
          Pages  = "111--153",
          Year   = "1982"
}

@article{Metal87,
          Author = {S. Makridakis and M. Hibon and E. Lusk and M. Belhadjali},
          Title  = {Confidence intervals: an empirical investigation of the series in the {M}-competition},
          Journal = {International Journal of Forecasting},
          Volume = "3",
          Number = "",
          Pages  = "489--508",
          Year   = "1987"
}

@article{Metal93,
          Author = {S. Makridakis and C. Chatfield and M. Hibon and T. Miles and
                    J. K. Ord and L.F. Simmons},
          Title  = {The {M}2-competition: a real-time judgmentally based forecasting study},
          Journal = {International Journal of Forecasting},
          Volume = "9",
          Number = "",
          Pages  = "5--22",
          Year   = "1993"
}

@article{MH00,
          Author = {M. Makridakis and M. Hibon},
          Title  = {The {M}3-competition: results, conclusions and implications},
          Journal = {International Journal of Forecasting},
          Volume = "16",
          Number = "",
          Pages  = "451--476",
          Year   = "2000"
}

@article{McClain74,
          Author = {J. O. McClain},
          Title  = {Dynamics of exponential smoothing with trend and seasonal terms},
          Journal = {Management Science},
          Volume = "20",
          Number = "",
          Pages  = "1300--1304",
          Year   = "1974"
}

@article{McT73,
          Author = {J. O. McClain, and L. J. Thomas},
          Title  = {Response-variance tradeoffs in adaptive forecasting},
          Journal = {Operations Research},
          Volume = "21",
          Number = "",
          Pages  = "554--568",
          Year   = "1973"
}

@article{McKenzie74,
          Author = {E. McKenzie},
          Title  = {A comparison of standard forecasting systems with the {B}ox-{J}enkins approach},
          Journal = {The Statistician},
          Volume = "23",
          Number = "",
          Pages  = "107--116",
          Year   = "1974"
}

@article{McKenzie76,
          Author = {E. McKenzie},
          Title  = {A comparison of some standard seasonal forecasting systems},
          Journal = {The Statisticians},
          Volume = "25",
          Number = "",
          Pages  = "3--14",
          Year   = "1976"
}

@article{McKenzie84,
          Author = {E. McKenzie},
          Title  = {General exponential smoothing and the equivalent {ARMA} process},
          Journal = {Journal of Forecasting},
          Volume = "3",
          Number = "",
          Pages  = "333--344",
          Year   = "1984"
}

@article{McKenzie86,
          Author = {E. McKenzie},
          Title  = {Error analysis for {W}inters' additive seasonal forecasting system},
          Journal = {International Journal of Forecasting},
          Volume = "2",
          Number = "",
          Pages  = "373--382",
          Year   = "1986"
}

@article{McNees76,
          Author = {S. K. McNees},
          Title  = {An evaluation of economic forecasting},
          Journal = {New England Economic Review},
          Volume = "2",
          Number = "",
          Pages  = "November-December issue",
          Year   = "1976"
}

@article{MG84,
          Author = {R. Meese and J. Geweke},
          Title  = {A comparison of autoregressive univariate forecasting procedures for
                    macroeconomic time series},
          Journal = {Journal of Business and Economic Statistics},
          Volume = "2",
          Number = "",
          Pages  = "191--200",
          Year   = "1984"
}

@article{Muth60,
          Author = {J. F. Muth},
          Title  = {Optimal properties of exponentially weighted forecasts},
          Journal = {Journal of the American Statistical Association},
          Volume = "55",
          Number = "",
          Pages  = "299--306",
          Year   = "1960"
}

@article{NG74,
          Author = {P. Newbold and C. W. J. Granger},
          Title  = {Experience with forecasting univariate time series and the combination of
                    forecasts (with discussion)},
          Journal = {Journal of the Royal Statistical Society (A)},
          Volume = "137",
          Number = "",
          Pages  = "131--165",
          Year   = "1974"
}

@article{OKS97,
          Author = {J. K. Ord and A. B. Koehler and R. D. Snyder},
          Title  = {Estimation and prediction for a class of dynamic nonlinear statistical models},
          Journal = {Journal of American Statistical Association},
          Volume = "92",
          Number = "",
          Pages  = "1621--1629",
          Year   = "1997"
}

@article{Parzen79,
          Author = {E. Parzen},
          Title  = {Time series and whitening filter estimation},
          Journal = {TIMS Studies in Management Science},
          Volume = "12",
          Number = "",
          Pages  = "149--165",
          Year   = "1979"
}

@article{Pegels69,
          Author = {C. C. Pegels},
          Title  = {Exponential smoothing: some new variations},
          Journal = {Management Science},
          Volume = "12",
          Number = "",
          Pages  = "311--315",
          Year   = "1969"
}

@article{Proietti00,
          Author = {T. Proietti},
          Title  = {Comparing seasonal components for structural time series models},
          Journal = {International Journal of Forecasting},
          Volume = "16",
          Number = "",
          Pages  = "247--260",
          Year   = "2000"
}

@article{Roberts82,
          Author = {S. A. Roberts},
          Title  = {A general class of {H}olt-{W}inters type forecasting models},
          Journal = {Management Science},
          Volume = "28",
          Number = "8",
          Pages  = "808--820",
          Year   = "1982"
}

@article{SF93,
          Author = {H. Schneeberger and K. Fleischer},
          Title  = {The distribution of the ratio of two variables},
          Journal = {Journal of Statistical Computation and Simulation},
          Volume = "47",
          Number = "",
          Pages  = "227--240",
          Year   = "1993"
}

@article{Snyder85,
          Author = {R. D. Snyder},
          Title  = {Recursive estimation of dynamic linear statistical models},
          Journal = {Journal of the Royal Statistical Society (B)},
          Volume = "47",
          Number = "2",
          Pages  = "272--276",
          Year   = "1985"
}

@article{SF03,
          Author = {R. D. Snyder, and C. S. Forbes},
          Title  = {Reconstructing the {K}alman filter for stationary and non-stationary time series},
          Journal = {Studies in nonlinear dynamics and econometrics},
          Volume = "7",
          Number = "2",
          Pages  = "1--18",
          Year   = "2003"
}

@article{SOK01,
          Author = {R. D. Snyder and J. K. Ord and A. B. Koehler},
          Title  = {Prediction intervals for {ARIMA} models},
          Journal = {J.~Bus.\ Econ.\ Statist.},
          Volume = "19",
          Number = "2",
          Pages  = "217--225",
          Year   = "2001"
}

@article{Sweet81,
          Author = {A. L. Sweet},
          Title  = {Adaptive smoothing for forecasting seasonal series},
          Journal = {AIIE Transactions},
          Volume = "13",
          Number = "",
          Pages  = "243--248",
          Year   = "1981"
}

@article{Sweet85,
          Author = {A. L. Sweet},
          Title  = {Computing the variance of the forecast error for the {H}olt-{W}inters seasonal models},
          Journal = {Journal of Forecasting},
          Volume = "4",
          Number = "",
          Pages  = "235--243",
          Year   = "1985"
}

@article{Thompson90,
          Author = {P. A. Thompson},
          Title  = {An {MSE} statistic for comparing forecast accuracy across series},
          Journal = {International Journal of Forecasting},
          Volume = "6",
          Number = "",
          Pages  = "219--227",
          Year   = "1990"
}

@article{WDW96,
          Author = {H. Winklhofer and A. Diamantopoulos and S.F. Witt},
          Title  = {Forecasting practice: a review of the empirical literature and
                    an agenda for future research},
          Journal = {International Journal of Forecasting},
          Volume = "12",
          Number = "",
          Pages  = "193--221",
          Year   = "1996"
}

@article{WG71,
          Author = {W. H. Williams and M.L. Goodman},
          Title  = {A simple method for the construction of empirical confidence limits
                    for economic forecasts},
          Journal = {Journal of the American Statistical Association},
          Volume = "66",
          Number = "",
          Pages  = "752--754",
          Year   = "1971"
}

@article{Wilson79,
          Author = {G. T. Wilson},
          Title  = {Some efficient computational procedures for high order {ARMA} models},
          Journal = {Journal of Statistical computation and Simulation},
          Volume = "8",
          Number = "",
          Pages  = "301--309",
          Year   = "1979"
}

@article{Winters60,
          Author = {P. R. Winters},
          Title  = {Forecasting sales by exponentially weighted moving averages},
          Journal = {Management Science},
          Volume = "6",
          Number = "",
          Pages  = "324--342",
          Year   = "1960"
}

@article{YC90,
          Author = {M. Yar and C. Chatfield},
          Title  = {Prediction intervals for the {H}olt-{W}inters forecasting procedure},
          Journal = {International Journal of Forecasting},
          Volume = "6",
          Number = "",
          Pages  = "127--137",
          Year   = "1990"
}


%##############################

@BOOK{AL83,
  author =       {B. Abraham and J. Ledolter},
  title =        {Statistical methods for forecasting},
  publisher =    {Wiley, New York},
  edition =      {},
  year =         {1983}
}

@BOOK{BD87,
  author =       {P. J. Brockwell and R. A. Davis},
  title =        {Time series: theory and methods},
  publisher =    {Springer-Verlag, New York},
  edition =      {1st},
  year =         {1987}
}

@BOOK{BD91,
  author =       {P. J. Brockwell and R. A Davis},
  title =        {Time series: theory and methods},
  publisher =    {Springer-Verlag, New York},
  edition =      {2nd},
  year =         {1991}
}

@BOOK{BJ70,
  author =       {G. E. P. Box and G. Jenkins},
  title =        {Time series analysis: forecasting and control},
  publisher =    {Holden-Day, San Francisco},
  edition =      {},
  year =         {1970}
}

@BOOK{BJ76,
  author =       {G. E. P. Box and G. Jenkins},
  title =        {Time series analysis: forecasting and control},
  publisher =    {Holden-Day, San Francisco},
  edition =      {2nd},
  year =         {1976}
}

@BOOK{BJR94,
  author =       {G. E. P. Box and G. Jenkins and G. C. Reinsel},
  title =        {Time series analysis: forecasting and control},
  publisher =    {Englewood Cliffs, New Jersey: Prentice-Hall},
  edition =      {},
  year =         {1994}
}

@BOOK{BO79,
  author =       {B. L. Bowerman and R. T. O'Connell},
  title =        {Forecasting and time series},
  publisher =    {Wadsworth: Belmont, California},
  edition =      {},
  year =         {1979}
}

@BOOK{BO87,
  author =       {B. L. Bowerman and R. T. O'Connell},
  title =        {Time series forecasting},
  publisher =    {Duxbury, Boston},
  edition =      {2nd},
  year =         {1987}
}

@BOOK{BO93,
  author =       {B. L. Bowerman and R. T. O'Connell},
  title =        {Time series forecasting},
  publisher =    {Duxbury, Boston},
  edition =      {3rd},
  year =         {1993}
}

@BOOK{BOK04,
  author =       {B. L. Bowerman and R. T. O'Connell and A. B. Koehler},
  title =        {Forecasting, time series and regression: an applied approach},
  publisher =    {Thomson Brooks/Cole, Belmont CA},
  edition =      {},
  year =         {2004}
}

@BOOK{Brown59,
  author =       {R. G. Brown},
  title =        {Statistical forecasting for inventory control},
  publisher =    {McGraw-Hill, New York},
  edition =      {},
  year =         {1959}
}

@BOOK{Brown63,
  author =       {R. G. Brown},
  title =        {Smoothing, forecasting and prediction of discrete time series},
  publisher =    {Englewood Cliffs, New Jersey: Prentice Hall},
  edition =      {},
  year =         {1963}
}

@BOOK{Chatfield89,
  author =       {C. Chatfield},
  title =        {The analysis of time series},
  publisher =    {Chapman \& Hall, London},
  edition =      {4th},
  year =         {1989}
}

@BOOK{Chatfield96,
  author =       {C. Chatfield},
  title =        {The analysis of time series},
  publisher =    {Chapman \& Hall, London},
  edition =      {5th},
  year =         {1996}
}

@BOOK{GN77,
  author =       {C. W. J. Granger and P. Newbold},
  title =        {Forecasting economic time series},
  publisher =    {Academic press, New York},
  edition =      {},
  year =         {1977}
}

@BOOK{GN86,
  author =       {C. W. Granger and P. Newbold},
  title =        {Forecasting economic time series},
  publisher =    {Academic Press, New York},
  edition =      {2nd},
  year =         {1986}
}

@BOOK{HR95,
  author =       {J. E. Hanke and A. G. Reitsch},
  title =        {Business forecasting},
  publisher =    {Prentice-Hall: Englewood Cliffs, NJ},
  edition =      {5th},
  year =         {1995}
}

@BOOK{Harvey89,
  author =       {A. C. Harvey},
  title =        {Forecasting, structural time series models and the {K}alman filter},
  publisher =    {Cambridge University Press, Cambridge},
  edition =      {},
  year =         {1989}
}

@BOOK{Harvey90,
  author =       {A. C. Harvey},
  title =        {Forecasting, structural time series models and the {K}alman filter},
  publisher =    {Cambridge University Press, Cambridge},
  edition =      {},
  year =         {1990}
}

@BOOK{HD88,
  author =       {E. J. Hannan and M. Deistler},
  title =        {The statistical theory of linear systems},
  publisher =    {John Wiley \& Sons, New York},
  edition =      {},
  year =         {1988}
}

@BOOK{Holt57b,
  author =       {C. C. Holt},
  title =        {Planning production, inventories and work force},
  publisher =    {Englewood Cliffs, New Jersey: Prentice Hall},
  edition =      {},
  year =         {1957}
}

@BOOK{Holt60,
  author =       {C. C. Holt and F. Modigliani and J.F. Muth, and H.A. Simon},
  title =        {Planning production, inventories and work force},
  publisher =    {Englewood Cliffs, New Jersey: Prentice Hall},
  edition =      {},
  year =         {1960}
}

@BOOK{JKB94,
  author =       {N. L. Johnson and S. Kotz and N. Balakrishnan},
  title =        {Continuous univariate distributions},
  publisher =    {John Wiley \& Sons, New York},
  edition =      {2nd},
  year =         {1994}
}

@BOOK{KJ88,
  author =       {S. Kotz and N. L. Johnson},
  title =        {Encyclopedia of statistical sciences, Vol. 8},
  publisher =    {John Wiley \& Sons, New York},
  edition =      {},
  year =         {1988}
}

@article{Lewandowski79,
  author =       {R. Lewandowski},
  title =        {La {P}revision a {C}ourt {T}erme},
  publisher =    {Dunod, Paris},
  edition =      {},
  year =         {1979}
}

@BOOK{MJ76,
  author =       {D. C. Montgomery and L. A. Johnson},
  title =        {Forecasting and time series analysis},
  publisher =    {McGraw-Hill, New York},
  edition =      {},
  year =         {1976}
}

@BOOK{MW78,
  author =       {S. Makridakis and S. C. Wheelwright},
  title =        {Interactive forecasting: univariate and multivariate methods},
  publisher =    {Holden Day, San Francisco},
  edition =      {2nd},
  year =         {1978}
}

@BOOK{MWH98,
  author =       {S. Makridakis and S. C. Wheelwright and R. J. Hyndman},
  title =        {Forecasting: methods and applications},
  publisher =    {John Wiley \& Sons, New York},
  edition =      {3rd},
  year =         {1998}
}

@BOOK{Ralston65,
  author =       {A. Ralston},
  title =        {A first course in numerical analysis},
  publisher =    {McGraw-Hill, New York},
  edition =      {},
  year =         {1965}
}

@BOOK{Springer79,
  author =       {M. D. Springer},
  title =        {The algebra of random variables},
  publisher =    {Wiley, New York},
  edition =      {},
  year =         {1979}
}

@BOOK{Wei90,
  author =       {W. W. S. Wei},
  title =        {Time series analysis},
  publisher =    {Addison-Wesley: Redwood City, CA},
  edition =      {},
  year =         {1990}
}

@BOOK{WH97,
  author =       {M. West and J. Harrison},
  title =        {Bayesian forecasting and dynamic models},
  publisher =    {Springer-Verlag, New York},
  edition =      {2nd},
  year =         {1997}
}
