@Article{smith,
author = {Smith, John and Jones, Jimmy-Jack},
title = {{Some kind of title}},
journal = {Health Physics},
volume = {1},
pages = {1000-1010},
year = {1973}
}